@booklet{ortega05,
    author   = "Joaquim Ortega-Cerda",
    title     = "Funcions Anal´ıtiques",
    year      = "2005",
    month    = "February",
    howpublished		= "\url{"https://campusvirtual2.ub.edu/pluginfile.php/501998/mod_resource/content/1/APUNTS/FA.pdf"}"
}